% ....názov súboru je: literatura.bib
% kniha


% článok v časopise
@article{Reid,
    author = "Samantha Reid, Steven Dowing",
    title = "Survival Themed Video Games and Cultral Constructs of Power",
    journal = "The Journal of the Canadian Game Studies Association",
    volume = 11,
    issue = 1,
    month = apr # "/" # jun,
    year = "2018",
    pages = "41--57",
}
